%YAML 1.1
%TAG !u! tag:unity3d.com,2011:
--- !u!1 &2349237391620942430
GameObject:
  m_ObjectHideFlags: 0
  m_CorrespondingSourceObject: {fileID: 0}
  m_PrefabInstance: {fileID: 0}
  m_PrefabAsset: {fileID: 0}
  serializedVersion: 6
  m_Component:
  - component: {fileID: 2349237391620942404}
  - component: {fileID: 2349237391620942405}
  - component: {fileID: 2349237391620942426}
  - component: {fileID: 2349237391620942427}
  - component: {fileID: 2349237391620942424}
  - component: {fileID: 2349237391620942425}
  m_Layer: 28
  m_Name: Burn Cube (4)
  m_TagString: Burnable
  m_Icon: {fileID: 0}
  m_NavMeshLayer: 0
  m_StaticEditorFlags: 0
  m_IsActive: 1
--- !u!4 &2349237391620942404
Transform:
  m_ObjectHideFlags: 0
  m_CorrespondingSourceObject: {fileID: 0}
  m_PrefabInstance: {fileID: 0}
  m_PrefabAsset: {fileID: 0}
  m_GameObject: {fileID: 2349237391620942430}
  m_LocalRotation: {x: -0.5, y: 0.5, z: 0.5, w: 0.5}
  m_LocalPosition: {x: 5.299999, y: 6.5346994, z: 9.694902}
  m_LocalScale: {x: 8.683201, y: 5.4795012, z: 3}
  m_Children:
  - {fileID: 2347807790748089709}
  - {fileID: 2347807791471917128}
  m_Father: {fileID: 0}
  m_RootOrder: 0
  m_LocalEulerAnglesHint: {x: -90.00001, y: 0, z: 90}
--- !u!33 &2349237391620942405
MeshFilter:
  m_ObjectHideFlags: 0
  m_CorrespondingSourceObject: {fileID: 0}
  m_PrefabInstance: {fileID: 0}
  m_PrefabAsset: {fileID: 0}
  m_GameObject: {fileID: 2349237391620942430}
  m_Mesh: {fileID: 10202, guid: 0000000000000000e000000000000000, type: 0}
--- !u!23 &2349237391620942426
MeshRenderer:
  m_ObjectHideFlags: 0
  m_CorrespondingSourceObject: {fileID: 0}
  m_PrefabInstance: {fileID: 0}
  m_PrefabAsset: {fileID: 0}
  m_GameObject: {fileID: 2349237391620942430}
  m_Enabled: 1
  m_CastShadows: 1
  m_ReceiveShadows: 1
  m_DynamicOccludee: 1
  m_MotionVectors: 1
  m_LightProbeUsage: 1
  m_ReflectionProbeUsage: 1
  m_RenderingLayerMask: 1
  m_RendererPriority: 0
  m_Materials:
  - {fileID: 2100000, guid: c4346c9a8f97e78438a0a2610f0198b9, type: 2}
  m_StaticBatchInfo:
    firstSubMesh: 0
    subMeshCount: 0
  m_StaticBatchRoot: {fileID: 0}
  m_ProbeAnchor: {fileID: 0}
  m_LightProbeVolumeOverride: {fileID: 0}
  m_ScaleInLightmap: 1
  m_ReceiveGI: 1
  m_PreserveUVs: 0
  m_IgnoreNormalsForChartDetection: 0
  m_ImportantGI: 0
  m_StitchLightmapSeams: 1
  m_SelectedEditorRenderState: 3
  m_MinimumChartSize: 4
  m_AutoUVMaxDistance: 0.5
  m_AutoUVMaxAngle: 89
  m_LightmapParameters: {fileID: 0}
  m_SortingLayerID: 0
  m_SortingLayer: 0
  m_SortingOrder: 0
--- !u!65 &2349237391620942427
BoxCollider:
  m_ObjectHideFlags: 0
  m_CorrespondingSourceObject: {fileID: 0}
  m_PrefabInstance: {fileID: 0}
  m_PrefabAsset: {fileID: 0}
  m_GameObject: {fileID: 2349237391620942430}
  m_Material: {fileID: 0}
  m_IsTrigger: 0
  m_Enabled: 1
  serializedVersion: 2
  m_Size: {x: 1, y: 1, z: 1}
  m_Center: {x: 0, y: 0, z: 0}
--- !u!54 &2349237391620942424
Rigidbody:
  m_ObjectHideFlags: 0
  m_CorrespondingSourceObject: {fileID: 0}
  m_PrefabInstance: {fileID: 0}
  m_PrefabAsset: {fileID: 0}
  m_GameObject: {fileID: 2349237391620942430}
  serializedVersion: 2
  m_Mass: 300
  m_Drag: 0
  m_AngularDrag: 0.05
  m_UseGravity: 1
  m_IsKinematic: 0
  m_Interpolate: 0
  m_Constraints: 0
  m_CollisionDetection: 0
--- !u!114 &2349237391620942425
MonoBehaviour:
  m_ObjectHideFlags: 0
  m_CorrespondingSourceObject: {fileID: 0}
  m_PrefabInstance: {fileID: 0}
  m_PrefabAsset: {fileID: 0}
  m_GameObject: {fileID: 2349237391620942430}
  m_Enabled: 1
  m_EditorHideFlags: 0
  m_Script: {fileID: 1384774831, guid: e743331561ef77147ae48cda9bcb8209, type: 3}
  m_Name: 
  m_EditorClassIdentifier: 
  fsm:
    dataVersion: 2
    usedInTemplate: {fileID: 0}
    name: FSM
    startState: Listener
    states:
    - name: Listener
      description: 
      colorIndex: 0
      position:
        serializedVersion: 2
        x: 50
        y: 100
        width: 100
        height: 32
      isBreakpoint: 0
      isSequence: 0
      hideUnused: 0
      transitions:
      - fsmEvent:
          name: Burn!
          isSystemEvent: 0
          isGlobal: 0
        toState: burn things
        linkStyle: 0
        linkConstraint: 0
        colorIndex: 0
      actionData:
        actionNames:
        - HutongGames.PlayMaker.Actions.TriggerEvent
        customNames:
        - 
        actionEnabled: 01
        actionIsOpen: 01
        actionStartIndex: 00000000
        actionHashCodes: 9c512400
        unityObjectParams: []
        fsmGameObjectParams:
        - useVariable: 1
          name: 
          tooltip: 
          showInInspector: 0
          networkSync: 0
          value: {fileID: 0}
        fsmOwnerDefaultParams:
        - ownerOption: 0
          gameObject:
            useVariable: 0
            name: 
            tooltip: 
            showInInspector: 0
            networkSync: 0
            value: {fileID: 0}
        animationCurveParams: []
        functionCallParams: []
        fsmTemplateControlParams: []
        fsmEventTargetParams: []
        fsmPropertyParams: []
        layoutOptionParams: []
        fsmStringParams:
        - useVariable: 0
          name: 
          tooltip: 
          showInInspector: 0
          networkSync: 0
          value: Fire Gun
        fsmObjectParams: []
        fsmVarParams: []
        fsmArrayParams: []
        fsmEnumParams: []
        fsmFloatParams: []
        fsmIntParams: []
        fsmBoolParams: []
        fsmVector2Params: []
        fsmVector3Params: []
        fsmColorParams: []
        fsmRectParams: []
        fsmQuaternionParams: []
        stringParams:
        - Burn!
        byteData: 00000000
        arrayParamSizes: 
        arrayParamTypes: []
        customTypeSizes: 
        customTypeNames: []
        paramDataType: 1400000007000000120000001700000013000000
        paramName:
        - gameObject
        - trigger
        - collideTag
        - sendEvent
        - storeCollider
        paramDataPos: 0000000000000000000000000000000000000000
        paramByteDataSize: 0000000004000000000000000000000000000000
    - name: burn things
      description: 
      colorIndex: 0
      position:
        serializedVersion: 2
        x: 220
        y: 112
        width: 104
        height: 32
      isBreakpoint: 0
      isSequence: 0
      hideUnused: 0
      transitions:
      - fsmEvent:
          name: FINISHED
          isSystemEvent: 1
          isGlobal: 0
        toState: wait
        linkStyle: 0
        linkConstraint: 0
        colorIndex: 0
      actionData:
        actionNames:
        - HutongGames.PlayMaker.Actions.SetProperty
        - HutongGames.PlayMaker.Actions.SetProperty
        customNames:
        - 
        - 
        actionEnabled: 0101
        actionIsOpen: 0101
        actionStartIndex: 0000000002000000
        actionHashCodes: 5ac852045ac85204
        unityObjectParams: []
        fsmGameObjectParams: []
        fsmOwnerDefaultParams: []
        animationCurveParams: []
        functionCallParams: []
        fsmTemplateControlParams: []
        fsmEventTargetParams: []
        fsmPropertyParams:
        - TargetObject:
            useVariable: 0
            name: 
            tooltip: 
            showInInspector: 0
            networkSync: 0
            typeName: UnityEngine.Object
            value: {fileID: 2349992606158345053}
          TargetTypeName: UnityEngine.GameObject
          PropertyName: active
          BoolParameter:
            useVariable: 0
            name: 
            tooltip: 
            showInInspector: 0
            networkSync: 0
            value: 1
          FloatParameter:
            useVariable: 0
            name: 
            tooltip: 
            showInInspector: 0
            networkSync: 0
            value: 0
          IntParameter:
            useVariable: 0
            name: 
            tooltip: 
            showInInspector: 0
            networkSync: 0
            value: 0
          GameObjectParameter:
            useVariable: 0
            name: 
            tooltip: 
            showInInspector: 0
            networkSync: 0
            value: {fileID: 0}
          StringParameter:
            useVariable: 0
            name: 
            tooltip: 
            showInInspector: 0
            networkSync: 0
            value: 
          Vector2Parameter:
            useVariable: 0
            name: 
            tooltip: 
            showInInspector: 0
            networkSync: 0
            value: {x: 0, y: 0}
          Vector3Parameter:
            useVariable: 0
            name: 
            tooltip: 
            showInInspector: 0
            networkSync: 0
            value: {x: 0, y: 0, z: 0}
          RectParamater:
            useVariable: 0
            name: 
            tooltip: 
            showInInspector: 0
            networkSync: 0
            value:
              serializedVersion: 2
              x: 0
              y: 0
              width: 0
              height: 0
          QuaternionParameter:
            useVariable: 0
            name: 
            tooltip: 
            showInInspector: 0
            networkSync: 0
            value: {x: 0, y: 0, z: 0, w: 0}
          ObjectParameter:
            useVariable: 0
            name: 
            tooltip: 
            showInInspector: 0
            networkSync: 0
            typeName: System.Boolean
            value: {fileID: 0}
          MaterialParameter:
            useVariable: 0
            name: 
            tooltip: 
            showInInspector: 0
            networkSync: 0
            typeName: 
            value: {fileID: 0}
          TextureParameter:
            useVariable: 0
            name: 
            tooltip: 
            showInInspector: 0
            networkSync: 0
            typeName: 
            value: {fileID: 0}
          ColorParameter:
            useVariable: 0
            name: 
            tooltip: 
            showInInspector: 0
            networkSync: 0
            value: {r: 0, g: 0, b: 0, a: 1}
          EnumParameter:
            useVariable: 0
            name: 
            tooltip: 
            showInInspector: 0
            networkSync: 0
            enumName: 
            intValue: 0
          ArrayParameter:
            useVariable: 0
            name: 
            tooltip: 
            showInInspector: 0
            networkSync: 0
            type: -1
            objectTypeName: 
            floatValues: []
            intValues: 
            boolValues: 
            stringValues: []
            vector4Values: []
            objectReferences: []
          setProperty: 1
        - TargetObject:
            useVariable: 0
            name: 
            tooltip: 
            showInInspector: 0
            networkSync: 0
            typeName: UnityEngine.Object
            value: {fileID: 2349992607068722808}
          TargetTypeName: UnityEngine.GameObject
          PropertyName: active
          BoolParameter:
            useVariable: 0
            name: 
            tooltip: 
            showInInspector: 0
            networkSync: 0
            value: 1
          FloatParameter:
            useVariable: 0
            name: 
            tooltip: 
            showInInspector: 0
            networkSync: 0
            value: 0
          IntParameter:
            useVariable: 0
            name: 
            tooltip: 
            showInInspector: 0
            networkSync: 0
            value: 0
          GameObjectParameter:
            useVariable: 0
            name: 
            tooltip: 
            showInInspector: 0
            networkSync: 0
            value: {fileID: 0}
          StringParameter:
            useVariable: 0
            name: 
            tooltip: 
            showInInspector: 0
            networkSync: 0
            value: 
          Vector2Parameter:
            useVariable: 0
            name: 
            tooltip: 
            showInInspector: 0
            networkSync: 0
            value: {x: 0, y: 0}
          Vector3Parameter:
            useVariable: 0
            name: 
            tooltip: 
            showInInspector: 0
            networkSync: 0
            value: {x: 0, y: 0, z: 0}
          RectParamater:
            useVariable: 0
            name: 
            tooltip: 
            showInInspector: 0
            networkSync: 0
            value:
              serializedVersion: 2
              x: 0
              y: 0
              width: 0
              height: 0
          QuaternionParameter:
            useVariable: 0
            name: 
            tooltip: 
            showInInspector: 0
            networkSync: 0
            value: {x: 0, y: 0, z: 0, w: 0}
          ObjectParameter:
            useVariable: 0
            name: 
            tooltip: 
            showInInspector: 0
            networkSync: 0
            typeName: System.Boolean
            value: {fileID: 0}
          MaterialParameter:
            useVariable: 0
            name: 
            tooltip: 
            showInInspector: 0
            networkSync: 0
            typeName: 
            value: {fileID: 0}
          TextureParameter:
            useVariable: 0
            name: 
            tooltip: 
            showInInspector: 0
            networkSync: 0
            typeName: 
            value: {fileID: 0}
          ColorParameter:
            useVariable: 0
            name: 
            tooltip: 
            showInInspector: 0
            networkSync: 0
            value: {r: 0, g: 0, b: 0, a: 1}
          EnumParameter:
            useVariable: 0
            name: 
            tooltip: 
            showInInspector: 0
            networkSync: 0
            enumName: 
            intValue: 0
          ArrayParameter:
            useVariable: 0
            name: 
            tooltip: 
            showInInspector: 0
            networkSync: 0
            type: -1
            objectTypeName: 
            floatValues: []
            intValues: 
            boolValues: 
            stringValues: []
            vector4Values: []
            objectReferences: []
          setProperty: 1
        layoutOptionParams: []
        fsmStringParams: []
        fsmObjectParams: []
        fsmVarParams: []
        fsmArrayParams: []
        fsmEnumParams: []
        fsmFloatParams: []
        fsmIntParams: []
        fsmBoolParams: []
        fsmVector2Params: []
        fsmVector3Params: []
        fsmColorParams: []
        fsmRectParams: []
        fsmQuaternionParams: []
        stringParams: []
        byteData: 0000
        arrayParamSizes: 
        arrayParamTypes: []
        customTypeSizes: 
        customTypeNames: []
        paramDataType: 24000000010000002400000001000000
        paramName:
        - targetProperty
        - everyFrame
        - targetProperty
        - everyFrame
        paramDataPos: 00000000000000000100000001000000
        paramByteDataSize: 00000000010000000000000001000000
    - name: wait
      description: 
      colorIndex: 0
      position:
        serializedVersion: 2
        x: 393
        y: 111
        width: 100
        height: 32
      isBreakpoint: 0
      isSequence: 0
      hideUnused: 0
      transitions:
      - fsmEvent:
          name: burnt
          isSystemEvent: 0
          isGlobal: 0
        toState: State 1
        linkStyle: 0
        linkConstraint: 0
        colorIndex: 0
      actionData:
        actionNames:
        - HutongGames.PlayMaker.Actions.Wait
        customNames:
        - 
        actionEnabled: 01
        actionIsOpen: 01
        actionStartIndex: 00000000
        actionHashCodes: 48c01101
        unityObjectParams: []
        fsmGameObjectParams: []
        fsmOwnerDefaultParams: []
        animationCurveParams: []
        functionCallParams: []
        fsmTemplateControlParams: []
        fsmEventTargetParams: []
        fsmPropertyParams: []
        layoutOptionParams: []
        fsmStringParams: []
        fsmObjectParams: []
        fsmVarParams: []
        fsmArrayParams: []
        fsmEnumParams: []
        fsmFloatParams:
        - useVariable: 0
          name: 
          tooltip: 
          showInInspector: 0
          networkSync: 0
          value: 3
        fsmIntParams: []
        fsmBoolParams: []
        fsmVector2Params: []
        fsmVector3Params: []
        fsmColorParams: []
        fsmRectParams: []
        fsmQuaternionParams: []
        stringParams:
        - burnt
        byteData: 01
        arrayParamSizes: 
        arrayParamTypes: []
        customTypeSizes: 
        customTypeNames: []
        paramDataType: 0f0000001700000001000000
        paramName:
        - time
        - finishEvent
        - realTime
        paramDataPos: 000000000000000000000000
        paramByteDataSize: 000000000000000001000000
    - name: State 1
      description: 
      colorIndex: 0
      position:
        serializedVersion: 2
        x: 557.0078
        y: 111
        width: 100
        height: 16
      isBreakpoint: 0
      isSequence: 0
      hideUnused: 0
      transitions: []
      actionData:
        actionNames:
        - HutongGames.PlayMaker.Actions.DestroySelf
        customNames:
        - 
        actionEnabled: 01
        actionIsOpen: 01
        actionStartIndex: 00000000
        actionHashCodes: 62f95203
        unityObjectParams: []
        fsmGameObjectParams: []
        fsmOwnerDefaultParams: []
        animationCurveParams: []
        functionCallParams: []
        fsmTemplateControlParams: []
        fsmEventTargetParams: []
        fsmPropertyParams: []
        layoutOptionParams: []
        fsmStringParams: []
        fsmObjectParams: []
        fsmVarParams: []
        fsmArrayParams: []
        fsmEnumParams: []
        fsmFloatParams: []
        fsmIntParams: []
        fsmBoolParams:
        - useVariable: 0
          name: 
          tooltip: 
          showInInspector: 0
          networkSync: 0
          value: 0
        fsmVector2Params: []
        fsmVector3Params: []
        fsmColorParams: []
        fsmRectParams: []
        fsmQuaternionParams: []
        stringParams: []
        byteData: 
        arrayParamSizes: 
        arrayParamTypes: []
        customTypeSizes: 
        customTypeNames: []
        paramDataType: 11000000
        paramName:
        - detachChildren
        paramDataPos: 00000000
        paramByteDataSize: 00000000
    events:
    - name: FINISHED
      isSystemEvent: 1
      isGlobal: 0
    - name: Burn!
      isSystemEvent: 0
      isGlobal: 0
    - name: burnt
      isSystemEvent: 0
      isGlobal: 0
    globalTransitions: []
    variables:
      floatVariables: []
      intVariables: []
      boolVariables: []
      stringVariables: []
      vector2Variables: []
      vector3Variables: []
      colorVariables: []
      rectVariables: []
      quaternionVariables: []
      gameObjectVariables: []
      objectVariables: []
      materialVariables: []
      textureVariables: []
      arrayVariables: []
      enumVariables: []
      categories:
      - 
      variableCategoryIDs: 
    description: 
    docUrl: 
    showStateLabel: 0
    maxLoopCount: 0
    watermark: 
    password: 
    locked: 0
    manualUpdate: 0
    keepDelayedEventsOnStateExit: 0
    preprocessed: 0
    ExposedEvents: []
    RestartOnEnable: 1
    EnableDebugFlow: 0
    EnableBreakpoints: 1
    editorFlags: 1
    activeStateName: 
    mouseEvents: 0
    handleLevelLoaded: 0
    handleTriggerEnter2D: 0
    handleTriggerExit2D: 0
    handleTriggerStay2D: 0
    handleCollisionEnter2D: 0
    handleCollisionExit2D: 0
    handleCollisionStay2D: 0
    handleTriggerEnter: 0
    handleTriggerExit: 0
    handleTriggerStay: 0
    handleCollisionEnter: 0
    handleCollisionExit: 0
    handleCollisionStay: 0
    handleParticleCollision: 0
    handleControllerColliderHit: 0
    handleJointBreak: 0
    handleJointBreak2D: 0
    handleOnGUI: 0
    handleFixedUpdate: 0
    handleLateUpdate: 0
    handleApplicationEvents: 0
    handleUiEvents: 0
    handleLegacyNetworking: 0
    handleAnimatorMove: 0
    handleAnimatorIK: 0
  fsmTemplate: {fileID: 0}
  eventHandlerComponentsAdded: 0
--- !u!1001 &2349237390220756079
PrefabInstance:
  m_ObjectHideFlags: 0
  serializedVersion: 2
  m_Modification:
    m_TransformParent: {fileID: 2349237391620942404}
    m_Modifications:
    - target: {fileID: 1956197547661106, guid: f293a2dcc753a4a489fefe7f8f312d69, type: 3}
      propertyPath: m_Name
      value: WildFire
      objectReference: {fileID: 0}
    - target: {fileID: 1956197547661106, guid: f293a2dcc753a4a489fefe7f8f312d69, type: 3}
      propertyPath: m_IsActive
      value: 0
      objectReference: {fileID: 0}
    - target: {fileID: 4288416149911810, guid: f293a2dcc753a4a489fefe7f8f312d69, type: 3}
      propertyPath: m_LocalPosition.x
      value: -0.26487923
      objectReference: {fileID: 0}
    - target: {fileID: 4288416149911810, guid: f293a2dcc753a4a489fefe7f8f312d69, type: 3}
      propertyPath: m_LocalPosition.y
      value: 0.025550641
      objectReference: {fileID: 0}
    - target: {fileID: 4288416149911810, guid: f293a2dcc753a4a489fefe7f8f312d69, type: 3}
      propertyPath: m_LocalPosition.z
      value: 0.5000012
      objectReference: {fileID: 0}
    - target: {fileID: 4288416149911810, guid: f293a2dcc753a4a489fefe7f8f312d69, type: 3}
      propertyPath: m_LocalRotation.x
      value: 0.70710576
      objectReference: {fileID: 0}
    - target: {fileID: 4288416149911810, guid: f293a2dcc753a4a489fefe7f8f312d69, type: 3}
      propertyPath: m_LocalRotation.y
      value: -0
      objectReference: {fileID: 0}
    - target: {fileID: 4288416149911810, guid: f293a2dcc753a4a489fefe7f8f312d69, type: 3}
      propertyPath: m_LocalRotation.z
      value: -0
      objectReference: {fileID: 0}
    - target: {fileID: 4288416149911810, guid: f293a2dcc753a4a489fefe7f8f312d69, type: 3}
      propertyPath: m_LocalRotation.w
      value: 0.70710784
      objectReference: {fileID: 0}
    - target: {fileID: 4288416149911810, guid: f293a2dcc753a4a489fefe7f8f312d69, type: 3}
      propertyPath: m_RootOrder
      value: 0
      objectReference: {fileID: 0}
    - target: {fileID: 4288416149911810, guid: f293a2dcc753a4a489fefe7f8f312d69, type: 3}
      propertyPath: m_LocalEulerAnglesHint.x
      value: 0
      objectReference: {fileID: 0}
    - target: {fileID: 4288416149911810, guid: f293a2dcc753a4a489fefe7f8f312d69, type: 3}
      propertyPath: m_LocalEulerAnglesHint.y
      value: 0
      objectReference: {fileID: 0}
    - target: {fileID: 4288416149911810, guid: f293a2dcc753a4a489fefe7f8f312d69, type: 3}
      propertyPath: m_LocalEulerAnglesHint.z
      value: 0
      objectReference: {fileID: 0}
    - target: {fileID: 4288416149911810, guid: f293a2dcc753a4a489fefe7f8f312d69, type: 3}
      propertyPath: m_LocalScale.x
      value: 0.19156533
      objectReference: {fileID: 0}
    - target: {fileID: 4288416149911810, guid: f293a2dcc753a4a489fefe7f8f312d69, type: 3}
      propertyPath: m_LocalScale.y
      value: 0.5544667
      objectReference: {fileID: 0}
    - target: {fileID: 4288416149911810, guid: f293a2dcc753a4a489fefe7f8f312d69, type: 3}
      propertyPath: m_LocalScale.z
      value: 0.30356783
      objectReference: {fileID: 0}
    - target: {fileID: 198679442476388764, guid: f293a2dcc753a4a489fefe7f8f312d69,
        type: 3}
      propertyPath: UVModule.flipU
      value: 0
      objectReference: {fileID: 0}
    - target: {fileID: 198266200310702596, guid: f293a2dcc753a4a489fefe7f8f312d69,
        type: 3}
      propertyPath: UVModule.flipU
      value: 0
      objectReference: {fileID: 0}
    m_RemovedComponents: []
  m_SourcePrefab: {fileID: 100100000, guid: f293a2dcc753a4a489fefe7f8f312d69, type: 3}
--- !u!1 &2349992606158345053 stripped
GameObject:
  m_CorrespondingSourceObject: {fileID: 1956197547661106, guid: f293a2dcc753a4a489fefe7f8f312d69,
    type: 3}
  m_PrefabInstance: {fileID: 2349237390220756079}
  m_PrefabAsset: {fileID: 0}
--- !u!4 &2347807790748089709 stripped
Transform:
  m_CorrespondingSourceObject: {fileID: 4288416149911810, guid: f293a2dcc753a4a489fefe7f8f312d69,
    type: 3}
  m_PrefabInstance: {fileID: 2349237390220756079}
  m_PrefabAsset: {fileID: 0}
--- !u!1001 &2349237391456223562
PrefabInstance:
  m_ObjectHideFlags: 0
  serializedVersion: 2
  m_Modification:
    m_TransformParent: {fileID: 2349237391620942404}
    m_Modifications:
    - target: {fileID: 1956197547661106, guid: f293a2dcc753a4a489fefe7f8f312d69, type: 3}
      propertyPath: m_Name
      value: WildFire (1)
      objectReference: {fileID: 0}
    - target: {fileID: 1956197547661106, guid: f293a2dcc753a4a489fefe7f8f312d69, type: 3}
      propertyPath: m_IsActive
      value: 0
      objectReference: {fileID: 0}
    - target: {fileID: 4288416149911810, guid: f293a2dcc753a4a489fefe7f8f312d69, type: 3}
      propertyPath: m_LocalPosition.x
      value: 0.2280266
      objectReference: {fileID: 0}
    - target: {fileID: 4288416149911810, guid: f293a2dcc753a4a489fefe7f8f312d69, type: 3}
      propertyPath: m_LocalPosition.y
      value: 0.25184858
      objectReference: {fileID: 0}
    - target: {fileID: 4288416149911810, guid: f293a2dcc753a4a489fefe7f8f312d69, type: 3}
      propertyPath: m_LocalPosition.z
      value: 0.49999994
      objectReference: {fileID: 0}
    - target: {fileID: 4288416149911810, guid: f293a2dcc753a4a489fefe7f8f312d69, type: 3}
      propertyPath: m_LocalRotation.x
      value: 0.70710576
      objectReference: {fileID: 0}
    - target: {fileID: 4288416149911810, guid: f293a2dcc753a4a489fefe7f8f312d69, type: 3}
      propertyPath: m_LocalRotation.y
      value: -0
      objectReference: {fileID: 0}
    - target: {fileID: 4288416149911810, guid: f293a2dcc753a4a489fefe7f8f312d69, type: 3}
      propertyPath: m_LocalRotation.z
      value: -0
      objectReference: {fileID: 0}
    - target: {fileID: 4288416149911810, guid: f293a2dcc753a4a489fefe7f8f312d69, type: 3}
      propertyPath: m_LocalRotation.w
      value: 0.70710784
      objectReference: {fileID: 0}
    - target: {fileID: 4288416149911810, guid: f293a2dcc753a4a489fefe7f8f312d69, type: 3}
      propertyPath: m_RootOrder
      value: 1
      objectReference: {fileID: 0}
    - target: {fileID: 4288416149911810, guid: f293a2dcc753a4a489fefe7f8f312d69, type: 3}
      propertyPath: m_LocalEulerAnglesHint.x
      value: 0
      objectReference: {fileID: 0}
    - target: {fileID: 4288416149911810, guid: f293a2dcc753a4a489fefe7f8f312d69, type: 3}
      propertyPath: m_LocalEulerAnglesHint.y
      value: 0
      objectReference: {fileID: 0}
    - target: {fileID: 4288416149911810, guid: f293a2dcc753a4a489fefe7f8f312d69, type: 3}
      propertyPath: m_LocalEulerAnglesHint.z
      value: 0
      objectReference: {fileID: 0}
    - target: {fileID: 4288416149911810, guid: f293a2dcc753a4a489fefe7f8f312d69, type: 3}
      propertyPath: m_LocalScale.x
      value: 0.30250084
      objectReference: {fileID: 0}
    - target: {fileID: 4288416149911810, guid: f293a2dcc753a4a489fefe7f8f312d69, type: 3}
      propertyPath: m_LocalScale.y
      value: 0.8755584
      objectReference: {fileID: 0}
    - target: {fileID: 4288416149911810, guid: f293a2dcc753a4a489fefe7f8f312d69, type: 3}
      propertyPath: m_LocalScale.z
      value: 0.47936395
      objectReference: {fileID: 0}
    - target: {fileID: 198679442476388764, guid: f293a2dcc753a4a489fefe7f8f312d69,
        type: 3}
      propertyPath: UVModule.flipU
      value: 0
      objectReference: {fileID: 0}
    - target: {fileID: 198266200310702596, guid: f293a2dcc753a4a489fefe7f8f312d69,
        type: 3}
      propertyPath: UVModule.flipU
      value: 0
      objectReference: {fileID: 0}
    m_RemovedComponents: []
  m_SourcePrefab: {fileID: 100100000, guid: f293a2dcc753a4a489fefe7f8f312d69, type: 3}
--- !u!1 &2349992607068722808 stripped
GameObject:
  m_CorrespondingSourceObject: {fileID: 1956197547661106, guid: f293a2dcc753a4a489fefe7f8f312d69,
    type: 3}
  m_PrefabInstance: {fileID: 2349237391456223562}
  m_PrefabAsset: {fileID: 0}
--- !u!4 &2347807791471917128 stripped
Transform:
  m_CorrespondingSourceObject: {fileID: 4288416149911810, guid: f293a2dcc753a4a489fefe7f8f312d69,
    type: 3}
  m_PrefabInstance: {fileID: 2349237391456223562}
  m_PrefabAsset: {fileID: 0}
